@article{Xarticle,
    author    = {},
    title     = {},
    journal   = {},
    %volume   = {},
    %number   = {},
    %pages    = {},
    year      = {XXXX},
    %month    = {},
    %note     = {},
}

}@book{Xbook,
    author    = {},
    title     = {},
    publisher = {},
    %volume   = {},
    %number   = {},
    %series   = {},
    %address  = {},
    %edition  = {},
    year      = {},
    %month    = {},
    %note     = {},
}

@booklet{Xbooklet,
    %author   = {},
    title     = {},
    %howpublished   = {},
    %address  = {},
    %year      = {},
    %month    = {},
    %note     = {},
}

@conference{Xconference,
    author    = {},
    title     = {},
    booktitle = {},
    %editor   = {},
    %volume   = {},
    %number   = {},
    %series   = {},
    %pages    = {},
    %address  = {},
    year      = {},
    %month    = {},
    %publisher= {},
    %note     = {},
}

@inbook{Xinbook,
	author	= {},
	editor	= {},
	title	= {},
	chapter	= {},
	pages	= {},
	publisher= {},
	%volume	= {},
	%number	= {},
	%series	= {},
	%type	= {},
	%address= {},
	%edition= {},
	year	= {},
	%month	= {},
	%note	= {},
}

@incollection{Xincollection,
	author	= {},
	title	= {},
	booktitle= {},
	publisher= {},
	%editor	= {},
	%volume	= {},
	%number	= {},
	%series	= {},
	%type	= {},
	%chapter= {},
	%pages	= {},
	%address= {},
	%edition= {},
	year	= {},
	%month	= {},
	%note	= {},
}

@inproceedings{Xinproceedings,
	author		= {},
	title		= {},
	booktitle	= {},
	%editor		= {},
	%volume		= {},
	%number		= {},
	%series		= {},
	%pages		= {},
	%address	= {},
	%organization	= {},
	%publisher	= {},
	year		= {},
	%month		= {},
	%note		= {},
}

@manual{Xmanual,
	title		= {},
	%author		= {},
	%organization	= {},
	%address	= {},
	%edition	= {},
	year		= {},
	%month		= {},
	%note		= {},
}

@mastersthesis{Xthesis,
    author    = {},
    title     = {},
    school    = {},
    %type     = {diploma thesis},
    %address  = {},
    year      = {},
    %month    = {},
    %note     = {},
}

@misc{Xmisc,
    %author    = {},
    %title     = {},
    %howpublished = {},
    %year     = {},
    %month    = {},
    %note     = {},
}

@phdthesis{Xphdthesis,
	author		= {},
	title		= {},
	school		= {},
	%address	= {},
	year		= {},
	%month		= {},
	%keywords	= {},
	%note		= {},
}

@proceedings{Xproceedings,
	title		= {},
	%editor		= {},
	%volume		= {},
	%number		= {},
	%series		= {},
	%address	= {},
	%organization	= {},
	%publisher	= {},
	year		= {},
	%month		= {},
	%note		= {},
}

@techreport{Xtreport,
    author    = {},
    title     = {},
    institution = {},
    %type     = {}, 
    %number   = {},
    %address  = {},
    year      = {},
    %month    = {},
    %note     = {},
}

@unpublished{Xunpublished,
	author	= {},
	title	= {},
	%year	= {},
	%month	= {},
	note	= {},
}